<?xml version="1.0" encoding="UTF-8"?><collection xmlns="http://www.loc.gov/MARC21/slim"><record><leader>00661nam--2200193-i-4500</leader><controlfield tag="001">000017142</controlfield><controlfield tag="002">20161230</controlfield><controlfield tag="005">20170118000700</controlfield><controlfield tag="008">060222s1000------------r-----000-0-eng-d</controlfield><datafield ind1=" " ind2=" " tag="020"><subfield code="a">9971966409</subfield></datafield><datafield ind1=" " ind2=" " tag="040"><subfield code="a">IFIN-HH</subfield></datafield><datafield ind1=" " ind2=" " tag="080"><subfield code="a">530.1:524.88(061.3)</subfield></datafield><datafield ind1="1" ind2=" " tag="100"><subfield code="a">Kounnas, Costas M</subfield></datafield><datafield ind1="1" ind2="0" tag="245"><subfield code="a">Grand unification with and without supersymmetry and cosmological implications</subfield><subfield code="b">International School for Advanced Studies lecture series no.2</subfield><subfield code="c">C. Kounnas, A. Masiero, D.V. Nanopoulos, K.A. Olive</subfield></datafield><datafield ind1=" " ind2=" " tag="260"><subfield code="a">Singapore</subfield><subfield code="b">World Scientific Publishing</subfield><subfield code="c">1984</subfield></datafield><datafield ind1=" " ind2=" " tag="300"><subfield code="a">VII+425 p</subfield></datafield><datafield ind1="1" ind2=" " tag="700"><subfield code="a">Olive, K. A</subfield></datafield><datafield ind1=" " ind2=" " tag="852"><subfield code="a">73887</subfield><subfield code="c">523</subfield></datafield><datafield ind1=" " ind2=" " tag="CAT"><subfield code="a">SYS</subfield><subfield code="c">20170118</subfield><subfield code="h">000700</subfield></datafield></record></collection>